<record><leader>00000cas a2200000 a 4500</leader><controlfield tag="001">57252699</controlfield><controlfield tag="007">hd afb020bucu</controlfield><controlfield tag="008">041217c19799999gauwr nea     0    0eng c</controlfield><datafield ind1=" " ind2=" " tag="010"><subfield code="a">  2004233881</subfield></datafield><datafield ind1=" " ind2=" " tag="040"><subfield code="a">GUA</subfield><subfield code="b">eng</subfield><subfield code="c">GUA</subfield><subfield code="d">GUA</subfield><subfield code="d">OCLCQ</subfield><subfield code="d">OCLCF</subfield><subfield code="d">OCLCO</subfield></datafield><datafield ind1="1" ind2=" " tag="029"><subfield code="a">AU@</subfield><subfield code="b">000026472611</subfield></datafield><datafield ind1=" " ind2=" " tag="042"><subfield code="a">pcc</subfield></datafield><datafield ind1=" " ind2=" " tag="043"><subfield code="a">n-us-ga</subfield></datafield><datafield ind1="1" ind2="4" tag="050"><subfield code="a">VA70.G4</subfield><subfield code="b">K56</subfield></datafield><datafield ind1="0" ind2="4" tag="245"><subfield code="a">The Kings Bay periscope</subfield><subfield code="h">[microform].</subfield></datafield><datafield ind1=" " ind2=" " tag="260"><subfield code="a">Jacksonville, Fla. :</subfield><subfield code="b">Ultra Type Inc.</subfield></datafield><datafield ind1=" " ind2=" " tag="300"><subfield code="a">v. :</subfield><subfield code="b">ill. ;</subfield><subfield code="c">40 cm.</subfield></datafield><datafield ind1=" " ind2=" " tag="310"><subfield code="a">Weekly,</subfield><subfield code="b">July 1988-</subfield></datafield><datafield ind1=" " ind2=" " tag="321"><subfield code="a">Biweekly,</subfield><subfield code="b">1979-June 1988</subfield></datafield><datafield ind1="1" ind2=" " tag="362"><subfield code="a">Began with v. 1, no. 1 (June 15, 1979).</subfield></datafield><datafield ind1=" " ind2=" " tag="500"><subfield code="a">Earlier issues published: Kings Bay, Ga. : Naval Submarine Support Base. Jacksonville, Fla. : Ultra Type Inc. &lt;1997-&gt;</subfield></datafield><datafield ind1=" " ind2=" " tag="550"><subfield code="a">Published for the Naval Submarine Support Base, Kings Bay, Ga.</subfield></datafield><datafield ind1=" " ind2=" " tag="588"><subfield code="a">Description based on: Mar. 14, 1997; title from caption.</subfield></datafield><datafield ind1=" " ind2=" " tag="588"><subfield code="a">Latest issue consulted: Jan. 30, 1998.</subfield></datafield><datafield ind1=" " ind2=" " tag="533"><subfield code="a">Microfilm.</subfield><subfield code="b">Athens, Ga. :</subfield><subfield code="c">University of Georgia Libraries,</subfield><subfield code="e">microfilm reels ; 35 mm.</subfield></datafield><datafield ind1=" " ind2=" " tag="539"><subfield code="a">c</subfield><subfield code="b">19uu</subfield><subfield code="c">9999</subfield><subfield code="d">gau</subfield><subfield code="e">w</subfield><subfield code="f">r</subfield><subfield code="g">a</subfield></datafield><datafield ind1=" " ind2="0" tag="650"><subfield code="a">Navy-yards and naval stations</subfield><subfield code="z">Georgia</subfield><subfield code="z">Kings Bay</subfield><subfield code="v">Periodicals.</subfield></datafield><datafield ind1=" " ind2="7" tag="655"><subfield code="a">Periodicals.</subfield><subfield code="2">fast</subfield><subfield code="0">(OCoLC)fst01411641</subfield></datafield><datafield ind1=" " ind2="7" tag="650"><subfield code="a">Navy-yards and naval stations.</subfield><subfield code="2">fast</subfield><subfield code="0">(OCoLC)fst01035165</subfield></datafield><datafield ind1=" " ind2="7" tag="651"><subfield code="a">Georgia</subfield><subfield code="z">Kings Bay.</subfield><subfield code="2">fast</subfield><subfield code="0">(OCoLC)fst01695238</subfield></datafield><datafield ind1="1" ind2=" " tag="710"><subfield code="a">Naval Submarine Base (Kings Bay, Ga.)</subfield></datafield><datafield ind1=" " ind2=" " tag="752"><subfield code="a">United States</subfield><subfield code="b">Georgia</subfield><subfield code="c">Camden</subfield><subfield code="d">Kings Bay.</subfield></datafield><datafield ind1=" " ind2=" " tag="752"><subfield code="a">United States</subfield><subfield code="b">Florida</subfield><subfield code="c">Jacksonville.</subfield></datafield><datafield ind1="1" ind2=" " tag="776"><subfield code="c">Original</subfield><subfield code="w">(OCoLC)20137967</subfield></datafield></record>